
@inproceedings{reindl2020software,
  title     = {Software update of a decentralized, intelligent battery management system based on multi-microcomputers},
  author    = {Reindl, Andrea and Schneider, Viola and Meier, Hans and Niemetz, Michael},
  booktitle = {Tagungsband 2. Symposium Elektronik und Systemintegration ESI 2020:" Intelligente Systeme und ihre Komponenten: Forschung und industrielle Anwendung"},
  pages     = {8--19},
  year      = {2020}
}
@online{bga,
  title = {Boitier BGA},
  url = {https://www.distrelec.ch/en/microcontroller-32bit-1mb-bga-st-stm32f407igh6/p/30170732},
}
@online{micromatch,
  title = {Connecteur Micro MaTch},
  url = {https://www.digikey.lt/en/products/detail/te-connectivity-amp-connectors/7-338069-4/1955731},
}
@online{nucleo,
  title = {Carte Nucleo},
  url = {https://www.mouser.co.uk/images/stmicroelectronics/lrg/NUCLEO-G071RB_t.jpg},
}
@online{qfn,
  title = {Boitier QFN},
  url = {https://www.distrelec.ch/en/driver-ic-qfn-16-ic-haus-ic-ge-qfn16-4x4/p/11039534},
}
@online{qwiic,
  title = {Connecteur QWIIC},
  url = {https://encrypted-tbn0.gstatic.com/images?q=tbn:ANd9GcSdRQToUn0fPoQV_5hrCgHguL5O5zYjaCPzFw&usqp=CAU},
}
@online{clikmate,
  title = {Connecteur CLIK-Mate},
  url = {https://www.distrelec.be/fr/embase-pour-circuit-imprime-femelle-3a-250v-contacts-molex-502494-0470/p/30161197},
}
@online{so_ssop,
  title = {Boitier SO/SSOP},
  url = {https://handsontec.com/wp-content/uploads/2015/09/so16-2-e1442998289126.jpg},
}
@online{st_link,
  title = {Débogueur et programmateur ST-LINK},
  url = {https://www.distrelec.ch/fr/debogueur-et-programmateur-en-circuit-pour-stm8-et-stm32-st-st-link-v2/p/30176585},
}
@online{tag_connect,
  title = {Câble Tag Connect six broches sans pattes},
  url = {https://www.tag-connect.com/wp-content/uploads/2018/03/tc2030-ctx-nl-programming-cable.jpg},
}
@online{tag_connect_pcb,
  title = {Câble Tag Connect six broches sans pattes connecté au circuit imprimé},
  url = {https://www.tag-connect.com/wp-content/uploads/2019/06/tc2030-insertion-coin-1200-400.jpg},
}
@online{tqfp_lqfp,
  title = {Boitier TQFP/LQFP},
  url = {https://www.distrelec.ch/en/xlp-flash-microcontroller-microchip-pic18f46k22-pt/p/30036200},
}
@online{chatgpt,
  title = {OpenAI ChatGPT},
  url = {https://chat.openai.com/}
}
@online{wikii2c,
  title = {I2C Wikipedia},
  url = {https://fr.wikipedia.org/wiki/I2C}
}
@INPROCEEDINGS{9838183,
  author={Krupiński, Arkadiusz and Świstak, Grzegorz and vel Nowakowski, Patryk Nowak and Makowski, Dariusz},
  booktitle={2022 29th International Conference on Mixed Design of Integrated Circuits and System (MIXDES)}, 
  title={Firmware Update for Improved Reliability Embedded Systems}, 
  year={2022},
  volume={},
  number={},
  pages={196-201},
  doi={10.23919/MIXDES55591.2022.9838183}
}